@online{ctanListings,
	url   = {https://www.ctan.org/pkg/listings},
	title = {ctan listings page},
	urldate  = {2015-04-17},
	keywords = {www}
}
@online{wikiListings,
	url   = {http://en.wikibooks.org/wiki/LaTeX/Source_Code_Listings},
	title = {Wikibooks: Source Code Listings},
	urldate  = {2015-04-17},
	keywords = {en}
}
@manual{manListings,
	title   = {The Listings Package},
	author  = {Carsten Heinz, Brooks Moses, Jobst Hoffmann and Jobst Hoffmann},
	date    = {2014-09-06},
	version = {1.5e},
}
