@online{litGen,
	url   = {http://literatur-generator.de},
	title = {Literaur Generator},
	urldate  = {2015-04-15},
}
@online{wikiBibliography,
	url   = {http://en.wikibooks.org/wiki/LaTeX/Bibliography_Management},
	title = {Bibliography Management},
	urldate  = {2015-04-17},
}
@online{urlLineBreakWithBibLatex,
	url = "http://texwelt.de/wissen/fragen/7008/zeilenumbruche-in-bibliografielinks",
	urldate = {2015-04-18},
}
@manual{manBibLaTeX,
	title   = {The Biblatex Package},
	author  = {Phillip Lehman},
	date    = {2014-06-24},
	version = {2.9a},
}
